@article{rfidreview,
title = "Performance-based evaluation of RFID-based indoor location sensing solutions for the built environment ",
journal = "Advanced Engineering Informatics ",
volume = "25",
number = "3",
pages = "535 - 546",
year = "2011",
note = "Special Section: Engineering informatics in port operations and logistics ",
issn = "1474-0346",
doi = "http://dx.doi.org/10.1016/j.aei.2011.02.004",
url = "http://www.sciencedirect.com/science/article/pii/S1474034611000097",
author = "Nan Li and Burcin Becerik-Gerber",
keywords = "Indoor",
keywords = "Location sensing",
keywords = "\{RFID\}",
keywords = "Built environment",
keywords = "Accuracy",
keywords = "Affordability "
}

