@book{bookTemplate,
	title = {},
	publisher = {},
	year = {},
	author = {},
	edition = {}
}

@article{articleTemplate,
  author = {},
  title = {},
  journal = {},
  year = {},
  volume = {},
  pages = {},
  number = {},
  month = {},
  publisher = {}
}

@misc{miscTemplate,
  title={},
  author={},
  year={},
  howpublished = "\url{}",
  note = "[Online; Accessed dd-mm-yyyy]"
}

@misc{indoor_maps_google_slides,
	title={Indoor Maps: The Next Frontier},
	author={Waleed Kadous, Sarah Peterson},
	year={2013},
	howpublished = "\url{http://commondatastorage.googleapis.com/io-2013/presentations/950%20-%20Indoor%20Maps-%20The%20Next%20Frontier%20%28l_O%29.pdf}",
	note = "[Online; Accessed 09-04-2015]"
}
	